<?xml version="1.0" encoding="UTF-8"?><collection xmlns="http://www.loc.gov/MARC21/slim"><record><leader>00536nam--2200193-i-4500</leader><controlfield tag="001">000020072</controlfield><controlfield tag="002">20161230</controlfield><controlfield tag="005">20161230201033</controlfield><controlfield tag="008">060222s1000------------r-----000-0-eng-d</controlfield><datafield ind1=" " ind2=" " tag="020"><subfield code="a">0122333500</subfield></datafield><datafield ind1=" " ind2=" " tag="040"><subfield code="a">IFIN-HH</subfield></datafield><datafield ind1=" " ind2=" " tag="080"><subfield code="a">539.12.17:538.9</subfield></datafield><datafield ind1="1" ind2=" " tag="100"><subfield code="a">Ehremberg, W</subfield></datafield><datafield ind1="1" ind2="0" tag="245"><subfield code="a">Electron bombardment induced conductivity and its applications</subfield><subfield code="c">W. ehrenberg, d.j. gibbons</subfield></datafield><datafield ind1=" " ind2=" " tag="260"><subfield code="a">London</subfield><subfield code="b">Academic Press</subfield><subfield code="c">1981</subfield></datafield><datafield ind1=" " ind2=" " tag="300"><subfield code="a">X + 348 P</subfield></datafield><datafield ind1="1" ind2=" " tag="700"><subfield code="a">Gibbons, D.J</subfield></datafield><datafield ind1=" " ind2=" " tag="852"><subfield code="a">70693</subfield><subfield code="c">539.12</subfield></datafield><datafield ind1=" " ind2=" " tag="CAT"><subfield code="a">Sys</subfield><subfield code="c">20111209</subfield><subfield code="h">112223</subfield></datafield></record></collection>